\usepackage[utf8]{inputenc}
\usepackage[vietnam,english]{babel}
\selectlanguage{vietnam}
@book{MMT-KHTN,
   author* = {Mai Văn Cường, Trần Trung Dũng, Trần Hồng Ngọc,Lê Ngọc Sơn, Lê Giang Thanh, Trương Thị Mỹ Trang, Đào Anh Tuấn},
   year = {2016},
   title = {Giáo trình Mạng máy tính},
   publisher = {Nhà xuất bản Khoa học và Kỹ thuật},
   address = {TP.HCM}
}
